@article{dong2024guardrails,
    title={Building guardrails for large language models},
    author={Dong, Yuxiao and others},
    journal={arXiv preprint arXiv:2402.01822},
    year={2024}
}

@article{inan2023llamaguard,
    title={LlamaGuard: LLM-based input–output safeguard for human–AI conversations},
    author={Inan, Hakan and others},
    journal={arXiv preprint arXiv:2312.06674},
    year={2023}
}

@article{pais2024medication,
    title={Large language models for preventing medication direction errors in online pharmacies},
    author={Pais, Chaitanya and others},
    journal={Nature Medicine},
    volume={30},
    pages={1574--1582},
    year={2024}
}

@misc{farmacotherapeutischkompas,
    title ={Farmacotherapeutisch Kompas},
    author = {Zorginstituut Nederland},
    url = {$https://www.farmacotherapeutischkompas.nl/}
}

@misc{geneesmiddeleninformatiebank,
    title ={Geneesmiddeleninformatiebank},
    author = {Zorginstituut Nederland},
    url = {$https://www.geneesmiddeleninformatiebank.nl/}
}

@article{waldock2025curriculum,
  title={Which curriculum components do medical students find most helpful for evaluating AI outputs?},
  author={Waldock, William J and Lam, George and Baptista, Ana and Walls, Risheka and Sam, Amir H},
  journal={BMC Medical Education},
  volume={25},
  pages={195},
  year={2025}
}

@article{kung2023performance,
  title={Performance of ChatGPT on USMLE: potential for AI-assisted medical education using large language models},
  author={Kung, Tiffany H and Cheatham, Morgan and Medenilla, Arielle and Sillos, Czarina and De Leon, Lorie and Elepa{\~n}o, Camille and Madriaga, Maria and Aggabao, Rimel and Diaz-Candido, Giezel and Maningo, James and others},
  journal={PLoS digital health},
  volume={2},
  number={2},
  pages={e0000198},
  year={2023},
  publisher={Public Library of Science}
}

@book{wieringa2014design,
  title={Design science methodology for information systems and software engineering},
  author={Wieringa, Roel},
  year={2014},
  publisher={Springer}
}

@article{luo2024clinical,
  title={Clinical large language models with misplaced focus},
  author={Luo, Zining and Ma, Haowei and Li, Zhiwu and Chen, Yuquan and Sun, Yixin and Hu, Aimin and Yu, Jiang and Qiao, Yang and Gu, Junxian and Li, Hongying and others},
  journal={Nature Machine Intelligence},
  pages={1--2},
  year={2024},
  publisher={Nature Publishing Group UK London}
}

@article{schieszer2023large,
  title={Large Language Models and Malpractice Risk.},
  author={Schieszer, Ma John},
  journal={Renal \& Urology News},
  pages={NA--NA},
  year={2023},
  publisher={Haymarket Media, Inc.}
}

@article{kang2024r,
  title={$ R\^{} 2$-Guard: Robust Reasoning Enabled LLM Guardrail via Knowledge-Enhanced Logical Reasoning},
  author={Kang, Mintong and Li, Bo},
  journal={arXiv preprint arXiv:2407.05557},
  year={2024}
}

@article{wu2024medical,
  title={Medical graph rag: Towards safe medical large language model via graph retrieval-augmented generation},
  author={Wu, Junde and Zhu, Jiayuan and Qi, Yunli and Chen, Jingkun and Xu, Min and Menolascina, Filippo and Grau, Vicente},
  journal={arXiv preprint arXiv:2408.04187},
  year={2024}
}

@article{hsu2025medplan,
  title={MEDPLAN: A Two-Stage RAG-Based System for Personalized Medical Plan Generation},
  author={Hsu, Hsin-Ling and Dao, Cong-Tinh and Wang, Luning and Shuai, Zitao and Phan, Thao Nguyen Minh and Ding, Jun-En and Liao, Chun-Chieh and Hu, Pengfei and Han, Xiaoxue and Hsu, Chih-Ho and others},
  journal={arXiv preprint arXiv:2503.17900},
  year={2025}
}