@article{mathot2012opensesame,
  title={OpenSesame: An open-source, graphical experiment builder for the social sciences},
  author={Math{\^o}t, Sebastiaan and Schreij, Daniel and Theeuwes, Jan},
  journal={Behavior research methods},
  volume={44},
  number={2},
  pages={314--324},
  year={2012},
  publisher={Springer}
}

@article{berghofer2008obesity,
  title={Obesity prevalence from a European perspective: a systematic review},
  author={Bergh{\"o}fer, Anne and Pischon, Tobias and Reinhold, Thomas and Apovian, Caroline M and Sharma, Arya M and Willich, Stefan N},
  journal={BMC public health},
  volume={8},
  number={1},
  pages={1--10},
  year={2008},
  publisher={Springer}
}

@article{shanks2020incidental,
  title={Do Incidental Environmental Anchors Bias Consumers’ Price Estimations?},
  author={Shanks, David R and Barbieri-Hermitte, Pietro and Vadillo, Miguel A and Moore, Don},
  journal={Collabra: Psychology},
  volume={6},
  number={1},
  year={2020},
  publisher={University of California Press}
}

@article{hales2017prevalence,
  title={Prevalence of obesity among adults and youth: United States, 2015--2016},
  author={Hales, Craig M and Carroll, Margaret D and Fryar, Cheryl D and Ogden, Cynthia L},
  year={2017}
}

@article{hall2019obesity,
  title={Obesity, kidney dysfunction and hypertension: mechanistic links},
  author={Hall, John E and do Carmo, Jussara M and da Silva, Alexandre A and Wang, Zhen and Hall, Michael E},
  journal={Nature reviews nephrology},
  volume={15},
  number={6},
  pages={367--385},
  year={2019},
  publisher={Nature Publishing Group}
}

@article{schnurr2020obesity,
  title={Obesity, unfavourable lifestyle and genetic risk of type 2 diabetes: A case-cohort study},
  author={Schnurr, Theresia M and Jakupovi{\'c}, Hermina and Carrasquilla, Germ{\'a}n D and {\"A}ngquist, Lars and Grarup, Niels and S{\o}rensen, Thorkild IA and Tj{\o}nneland, Anne and Overvad, Kim and Pedersen, Oluf and Hansen, Torben and others},
  journal={Diabetologia},
  volume={63},
  number={7},
  pages={1324--1332},
  year={2020},
  publisher={Springer}
}

@article{chandon2007biasing,
  title={The biasing health halos of fast-food restaurant health claims: lower calorie estimates and higher side-dish consumption intentions},
  author={Chandon, Pierre and Wansink, Brian},
  journal={Journal of Consumer Research},
  volume={34},
  number={3},
  pages={301--314},
  year={2007},
  publisher={The University of Chicago Press}
}

@article{zhu2019extra,
  title={Do extra ingredients on the package lead to extra calorie estimates?},
  author={Zhu, Guowei and Chryssochoidis, George and Zhou, Li},
  journal={European Journal of Marketing},
  year={2019},
  publisher={Emerald Publishing Limited}
}

@article{tal2021visual,
  title={Visual Size Matters: The Effect of Product Depiction Size on Calorie Estimates},
  author={Tal, Aner and Gvili, Yaniv and Amar, Moty},
  journal={International Journal of Environmental Research and Public Health},
  volume={18},
  number={23},
  pages={12392},
  year={2021},
  publisher={Multidisciplinary Digital Publishing Institute}
}

@article{blankenship2008elaboration,
  title={Elaboration and consequences of anchored estimates: An attitudinal perspective on numerical anchoring},
  author={Blankenship, Kevin L and Wegener, Duane T and Petty, Richard E and Detweiler-Bedell, Brian and Macy, Cheryl L},
  journal={Journal of Experimental Social Psychology},
  volume={44},
  number={6},
  pages={1465--1476},
  year={2008},
  publisher={Elsevier}
}

@article{englich2006playing,
  title={Playing dice with criminal sentences: The influence of irrelevant anchors on experts’ judicial decision making},
  author={Englich, Birte and Mussweiler, Thomas and Strack, Fritz},
  journal={Personality and Social Psychology Bulletin},
  volume={32},
  number={2},
  pages={188--200},
  year={2006},
  publisher={Sage Publications Sage CA: Thousand Oaks, CA}
}

@article{eroglu2010biases,
  title={Biases in judgmental adjustments of statistical forecasts: The role of individual differences},
  author={Eroglu, Cuneyt and Croxton, Keely L},
  journal={International Journal of Forecasting},
  volume={26},
  number={1},
  pages={116--133},
  year={2010},
  publisher={Elsevier}
}

@article{wickham2009elegant,
  title={Elegant graphics for data analysis},
  author={Wickham, Hadley and others},
  journal={Media},
  volume={35},
  number={211},
  pages={10--1007},
  year={2009},
  publisher={Springer}
}

@article{mussweiler2000numeric,
  title={Numeric judgments under uncertainty: The role of knowledge in anchoring},
  author={Mussweiler, Thomas and Strack, Fritz},
  journal={Journal of experimental social psychology},
  volume={36},
  number={5},
  pages={495--518},
  year={2000},
  publisher={Elsevier}
}


@article{wickham2020tidyr,
  title={Tidyr: Tidy messy data},
  author={Wickham, Hadley and Henry, Lionel},
  journal={R package version},
  volume={1},
  number={2},
  pages={397},
  year={2020}
}

@article{wickham2015dplyr,
  title={dplyr: A grammar of data manipulation},
  author={Wickham, Hadley and Francois, Romain and Henry, Lionel and M{\"u}ller, Kirill and others},
  journal={R package version 0.4},
  volume={3},
  pages={p156},
  year={2015}
}

@article{wu2012role,
  title={The role of Internet buyer's product familiarity and confidence in anchoring effect},
  author={Wu, Chin-Shan and Cheng, Fei-Fei and Yen, David C},
  journal={Behaviour \& Information Technology},
  volume={31},
  number={9},
  pages={829--838},
  year={2012},
  publisher={Taylor \& Francis}
}

@article{chapman1999anchoring,
  title={Anchoring, activation, and the construction of values},
  author={Chapman, Gretchen B and Johnson, Eric J},
  journal={Organizational behavior and human decision processes},
  volume={79},
  number={2},
  pages={115--153},
  year={1999},
  publisher={Elsevier}
}

@article{wilson1996new,
  title={A new look at anchoring effects: basic anchoring and its antecedents.},
  author={Wilson, Timothy D and Houston, Christopher E and Etling, Kathryn M and Brekke, Nancy},
  journal={Journal of Experimental Psychology: General},
  volume={125},
  number={4},
  pages={387},
  year={1996},
  publisher={American Psychological Association}
}

@article{englich2009moody,
  title={Moody experts---How mood and expertise influence judgmental anchoring},
  author={Englich, Birte and Soder, Kirsten},
  journal={Judgment and Decision making},
  volume={4},
  number={1},
  pages={41},
  year={2009},
  publisher={Society for Judgment \& Decision Making}
}

@article{strack1997explaining,
  title={Explaining the enigmatic anchoring effect: Mechanisms of selective accessibility.},
  author={Strack, Fritz and Mussweiler, Thomas},
  journal={Journal of personality and social psychology},
  volume={73},
  number={3},
  pages={437},
  year={1997},
  publisher={American Psychological Association}
}

@article{ariely2003coherent,
  title={“Coherent arbitrariness”: Stable demand curves without stable preferences},
  author={Ariely, Dan and Loewenstein, George and Prelec, Drazen},
  journal={The Quarterly journal of economics},
  volume={118},
  number={1},
  pages={73--106},
  year={2003},
  publisher={MIT Press}
}

@article{stewart2009cost,
  title={The cost of anchoring on credit-card minimum repayments},
  author={Stewart, Neil},
  journal={Psychological Science},
  volume={20},
  number={1},
  pages={39--41},
  year={2009},
  publisher={SAGE Publications Sage CA: Los Angeles, CA}
}

@article{enough2001sentencing,
  title={Sentencing under uncertainty: Anchoring effects in the courtroom 1},
  author={Enough, Birte and Mussweiler, Thomas},
  journal={Journal of applied social psychology},
  volume={31},
  number={7},
  pages={1535--1551},
  year={2001},
  publisher={Wiley Online Library}
}

@article{plous1989thinking,
  title={Thinking the unthinkable: The effects of anchoring on likelihood estimates of nuclear war 1},
  author={Plous, Scott},
  journal={Journal of Applied Social Psychology},
  volume={19},
  number={1},
  pages={67--91},
  year={1989},
  publisher={Wiley Online Library}
}

@article{epley2001putting,
  title={Putting adjustment back in the anchoring and adjustment heuristic: Differential processing of self-generated and experimenter-provided anchors},
  author={Epley, Nicholas and Gilovich, Thomas},
  journal={Psychological science},
  volume={12},
  number={5},
  pages={391--396},
  year={2001},
  publisher={SAGE Publications Sage CA: Los Angeles, CA}
}

@article{tversky1974judgment,
  title={Judgment under uncertainty: Heuristics and biases},
  author={Tversky, Amos and Kahneman, Daniel},
  journal={science},
  volume={185},
  number={4157},
  pages={1124--1131},
  year={1974},
  publisher={American association for the advancement of science}
}

@article{furnham2011literature,
  title={A literature review of the anchoring effect},
  author={Furnham, Adrian and Boo, Hua Chu},
  journal={The journal of socio-economics},
  volume={40},
  number={1},
  pages={35--42},
  year={2011},
  publisher={Elsevier}
}

@article{kim2022impact,
  title={The impact of menu size on calorie estimation},
  author={Kim, Junghyun and Lee, Yong Kyu and Herr, Paul M},
  journal={International Journal of Hospitality Management},
  volume={100},
  pages={103083},
  year={2022},
  publisher={Elsevier}
}

@article{ai2021serving,
  title={Serving food in a separated style influences calorie estimates and eating behavior},
  author={Ai, Yijie and Wang, Xiaoyu and Zhao, Hongrui},
  journal={Journal of Sensory Studies},
  volume={36},
  number={3},
  pages={e12647},
  year={2021},
  publisher={Wiley Online Library}
}

@article{gustafson2019cognitive,
  title={Cognitive aids and food choice: Real-time calorie counters reduce calories ordered and correct biases in calorie estimates},
  author={Gustafson, Christopher R and Zeballos, Eliana},
  journal={Appetite},
  volume={141},
  pages={104320},
  year={2019},
  publisher={Elsevier}
}

@article{ebneter2013less,
  title={Is less always more? The effects of low-fat labeling and caloric information on food intake, calorie estimates, taste preference, and health attributions},
  author={Ebneter, Daria S and Latner, Janet D and Nigg, Claudio R},
  journal={Appetite},
  volume={68},
  pages={92--97},
  year={2013},
  publisher={Elsevier}
}

@article{hussain2020obesity,
  title={Obesity and mortality of COVID-19. Meta-analysis},
  author={Hussain, Abdulzahra and Mahawar, Kamal and Xia, Zefeng and Yang, Wah and El-Hasani, Shamsi},
  journal={Obesity research \& clinical practice},
  volume={14},
  number={4},
  pages={295},
  year={2020},
  publisher={Elsevier}
}


@article{zahra2019link,
  title={Link of obesity and gallstones formation risk},
  author={Zahra, N and Kaisrani, H},
  journal={Adv Obes Weight Manag Control},
  volume={9},
  number={5},
  pages={118--120},
  year={2019}
}